<record><leader>00000cas a2200000 a 4500</leader><controlfield tag="001">8833596</controlfield><controlfield tag="008">821005d18681869kyudr ne      0    0eng  </controlfield><datafield ind1=" " ind2=" " tag="010"><subfield code="a">sn 82015931 </subfield></datafield><datafield ind1=" " ind2=" " tag="040"><subfield code="a">DLC</subfield><subfield code="b">eng</subfield><subfield code="c">DLC</subfield><subfield code="d">NPU</subfield><subfield code="d">NPX</subfield><subfield code="d">OCL</subfield><subfield code="d">KNP</subfield><subfield code="d">DLC</subfield><subfield code="d">NJW</subfield><subfield code="d">KNP</subfield><subfield code="d">DLC</subfield><subfield code="d">KNP</subfield><subfield code="d">RHN</subfield><subfield code="d">CRL</subfield><subfield code="d">HUL</subfield><subfield code="d">NVK</subfield><subfield code="d">NVF</subfield><subfield code="d">DLC</subfield><subfield code="d">UKMGB</subfield><subfield code="d">OCLCO</subfield><subfield code="d">OCLCQ</subfield><subfield code="d">TXA</subfield><subfield code="d">OCLCF</subfield></datafield><datafield ind1="7" ind2=" " tag="016"><subfield code="a">013921465</subfield><subfield code="2">Uk</subfield></datafield><datafield ind1=" " ind2=" " tag="019"><subfield code="a">9180303</subfield></datafield><datafield ind1="1" ind2=" " tag="029"><subfield code="a">AU@</subfield><subfield code="b">000053508031</subfield></datafield><datafield ind1=" " ind2=" " tag="042"><subfield code="a">pcc</subfield></datafield><datafield ind1=" " ind2=" " tag="043"><subfield code="a">n-us-ky</subfield></datafield><datafield ind1="0" ind2="0" tag="050"><subfield code="a">Newspaper 7919</subfield></datafield><datafield ind1="0" ind2=" " tag="130"><subfield code="a">Louisville courier-journal (Louisville, Ky. : Daily)</subfield></datafield><datafield ind1="1" ind2="4" tag="245"><subfield code="a">The Louisville courier-journal.</subfield></datafield><datafield ind1="3" ind2="0" tag="246"><subfield code="a">Courier-journal</subfield></datafield><datafield ind1=" " ind2=" " tag="260"><subfield code="a">Louisville, Ky. :</subfield><subfield code="b">[Louisville Courier-Journal Print. Co.],</subfield><subfield code="c">1868-1869.</subfield></datafield><datafield ind1=" " ind2=" " tag="300"><subfield code="a">2 v.</subfield></datafield><datafield ind1=" " ind2=" " tag="310"><subfield code="a">Daily</subfield></datafield><datafield ind1="0" ind2=" " tag="362"><subfield code="a">Vol. 38, no. 108 (Nov. 8, 1868)-v. 38, no. 114 (Nov. 14, 1868) ; v. 38, new ser., no. 115 (Nov. 15, 1868)-v. 39, new ser., no. 216 (Mar. 6, 1869).</subfield></datafield><datafield ind1=" " ind2=" " tag="530"><subfield code="a">Available on microfilm from the University of Chicago Library and Bell &amp; Howell Informatin and Learning.</subfield></datafield><datafield ind1=" " ind2=" " tag="580"><subfield code="a">Merger of: Louisville daily courier (Louisville, Ky. : 1851), and: Louisville daily journal (Louisville, Ky. : 1833).</subfield></datafield><datafield ind1=" " ind2="0" tag="651"><subfield code="a">Louisville (Ky.)</subfield><subfield code="v">Newspapers.</subfield></datafield><datafield ind1=" " ind2="0" tag="651"><subfield code="a">Jefferson County (Ky.)</subfield><subfield code="v">Newspapers.</subfield></datafield><datafield ind1=" " ind2="7" tag="655"><subfield code="a">Newspapers.</subfield><subfield code="2">fast</subfield><subfield code="0">(OCoLC)fst01423814</subfield></datafield><datafield ind1=" " ind2="7" tag="651"><subfield code="a">Kentucky</subfield><subfield code="z">Jefferson County.</subfield><subfield code="2">fast</subfield><subfield code="0">(OCoLC)fst01205464</subfield></datafield><datafield ind1=" " ind2="7" tag="651"><subfield code="a">Kentucky</subfield><subfield code="z">Louisville.</subfield><subfield code="2">fast</subfield><subfield code="0">(OCoLC)fst01204602</subfield></datafield><datafield ind1=" " ind2=" " tag="752"><subfield code="a">United States</subfield><subfield code="b">Kentucky</subfield><subfield code="c">Jefferson</subfield><subfield code="d">Louisville.</subfield></datafield><datafield ind1="0" ind2=" " tag="775"><subfield code="t">Louisville weekly courier-journal</subfield><subfield code="w">(DLC)sn 84038557</subfield><subfield code="w">(OCoLC)11347721</subfield></datafield><datafield ind1="0" ind2="8" tag="776"><subfield code="i">Online version:</subfield><subfield code="t">Louisville courier-journal (Louisville, Ky. : Daily)</subfield><subfield code="w">(DLC)  2013263175</subfield><subfield code="w">(OCoLC)842011343</subfield></datafield><datafield ind1="1" ind2="4" tag="780"><subfield code="t">Louisville daily courier (Louisville, Ky. : 1851)</subfield><subfield code="w">(DLC)sn 82016258</subfield><subfield code="w">(OCoLC)9266123</subfield></datafield><datafield ind1="1" ind2="4" tag="780"><subfield code="t">Louisville daily journal (Louisville, Ky. : 1833)</subfield><subfield code="w">(DLC)sn 84027471</subfield><subfield code="w">(OCoLC)11207218</subfield></datafield><datafield ind1="0" ind2="0" tag="785"><subfield code="t">Courier-journal (Louisville, Ky. : 1869 : Daily)</subfield><subfield code="w">(DLC)sn 83045188</subfield><subfield code="w">(OCoLC)6637888</subfield></datafield><datafield ind1="4" ind2="1" tag="856"><subfield code="u">http://search.proquest.com/hnplouisvillecourierjournal/publication/1046386/</subfield></datafield></record>